<record><leader>00000cas a22000007a 4500</leader><controlfield tag="001">18114268</controlfield><controlfield tag="008">880621d18961956ohuwr ne      0    0eng d</controlfield><datafield ind1=" " ind2=" " tag="010"><subfield code="a">sn 88077576 </subfield></datafield><datafield ind1=" " ind2=" " tag="040"><subfield code="a">ONP</subfield><subfield code="b">eng</subfield><subfield code="c">ONP</subfield><subfield code="d">OCLCQ</subfield><subfield code="d">DLC</subfield><subfield code="d">OCLCQ</subfield><subfield code="d">OCLCF</subfield></datafield><datafield ind1=" " ind2=" " tag="042"><subfield code="a">msc</subfield></datafield><datafield ind1=" " ind2=" " tag="043"><subfield code="a">n-us-oh</subfield></datafield><datafield ind1="0" ind2="0" tag="050"><subfield code="a">Newspaper</subfield></datafield><datafield ind1="0" ind2=" " tag="130"><subfield code="a">Prospect monitor (Prospect, Ohio : 1901)</subfield></datafield><datafield ind1="1" ind2="4" tag="245"><subfield code="a">The Prospect monitor.</subfield></datafield><datafield ind1=" " ind2=" " tag="260"><subfield code="a">Prospect, Ohio :</subfield><subfield code="b">F.O. Podgett &amp; F.C. Poppleton,</subfield><subfield code="c">-1956.</subfield></datafield><datafield ind1=" " ind2=" " tag="300"><subfield code="a">v.</subfield></datafield><datafield ind1=" " ind2=" " tag="310"><subfield code="a">Weekly</subfield></datafield><datafield ind1="1" ind2=" " tag="362"><subfield code="a">Began in 1896?</subfield></datafield><datafield ind1="0" ind2=" " tag="362"><subfield code="a">-v. 79, no. 9 (Dec. 27, 1956).</subfield></datafield><datafield ind1=" " ind2=" " tag="588"><subfield code="a">Description based on: Vol. 24, no. 30 (July 26, 1901).</subfield></datafield><datafield ind1=" " ind2="0" tag="651"><subfield code="a">Prospect (Ohio)</subfield><subfield code="v">Newspapers.</subfield></datafield><datafield ind1=" " ind2="0" tag="651"><subfield code="a">Marion County (Ohio)</subfield><subfield code="v">Newspapers.</subfield></datafield><datafield ind1=" " ind2="7" tag="655"><subfield code="a">Newspapers.</subfield><subfield code="2">fast</subfield><subfield code="0">(OCoLC)fst01423814</subfield></datafield><datafield ind1=" " ind2="7" tag="651"><subfield code="a">Ohio</subfield><subfield code="z">Marion County.</subfield><subfield code="2">fast</subfield><subfield code="0">(OCoLC)fst01208696</subfield></datafield><datafield ind1=" " ind2="7" tag="651"><subfield code="a">Ohio</subfield><subfield code="z">Prospect.</subfield><subfield code="2">fast</subfield><subfield code="0">(OCoLC)fst01283917</subfield></datafield><datafield ind1=" " ind2=" " tag="752"><subfield code="a">United States</subfield><subfield code="b">Ohio</subfield><subfield code="c">Marion</subfield><subfield code="d">Prospect.</subfield></datafield><datafield ind1="0" ind2="0" tag="780"><subfield code="t">Prospect advance and monitor</subfield></datafield></record>